<mx:record xmlns="http://www.w3.org/TR/xhtml1/strict" xmlns:mx="http://www.loc.gov/MARC21/slim" xmlns:xsi="http://www.w3.org/2001/XMLSchema-instance"><mx:leader>00000nz   2200000n  4500</mx:leader><mx:controlfield tag="001">oca07434312 </mx:controlfield><mx:controlfield tag="005">20070611152547.0</mx:controlfield><mx:controlfield tag="008">070611n| acannaabn          |a aaa      </mx:controlfield><mx:datafield ind1=" " ind2=" " tag="010"><mx:subfield code="a">n 2007041361</mx:subfield></mx:datafield><mx:datafield ind1=" " ind2=" " tag="040"><mx:subfield code="a">DLC</mx:subfield><mx:subfield code="c">DLC</mx:subfield></mx:datafield><mx:datafield ind1="0" ind2=" " tag="100"><mx:subfield code="a">Priscianus,</mx:subfield><mx:subfield code="c">Lydus,</mx:subfield><mx:subfield code="d">6th cent.</mx:subfield></mx:datafield><mx:datafield ind1="0" ind2=" " tag="400"><mx:subfield code="a">Priscianus,</mx:subfield><mx:subfield code="c">of Lydia,</mx:subfield><mx:subfield code="d">6th cent.</mx:subfield></mx:datafield><mx:datafield ind1=" " ind2=" " tag="670"><mx:subfield code="a">Supplementum Aristotelicum, 1976:</mx:subfield><mx:subfield code="b">v. 1, pt. 2, t.p. (Prisciani Lydi)</mx:subfield></mx:datafield><mx:datafield ind1=" " ind2=" " tag="670"><mx:subfield code="a">PA class schedule</mx:subfield><mx:subfield code="b">(Priscianus, Lydus, 6th cent. A.D.)</mx:subfield></mx:datafield><mx:datafield ind1=" " ind2=" " tag="670"><mx:subfield code="a">LC database, June 11, 2007</mx:subfield><mx:subfield code="b">(hdg.: Priscianus, of Lydia)</mx:subfield></mx:datafield><mx:datafield ind1=" " ind2=" " tag="675"><mx:subfield code="a">Oxf. class. dict., 3rd ed.</mx:subfield></mx:datafield><mx:datafield ind1=" " ind2=" " tag="999"><mx:subfield code="a">4</mx:subfield></mx:datafield></mx:record>